@techreport{NBERw20984,
 title = "Fundamentally, Momentum is Fundamental Momentum",
 author = "Novy-Marx, Robert",
 institution = "National Bureau of Economic Research",
 type = "Working Paper",
 series = "Working Paper Series",
 number = "20984",
 year = "2015",
 month = "February",
 doi = {10.3386/w20984},
 URL = "http://www.nber.org/papers/w20984",
}

@article{asness2013value,
  title={Value and momentum everywhere},
  author={Asness, Clifford S and Moskowitz, Tobias J and Pedersen, Lasse Heje},
  journal={The Journal of Finance},
  volume={68},
  number={3},
  pages={929--985},
  year={2013},
  publisher={Wiley Online Library}
}

@article{bakshi2019understanding,
  title={Understanding the sources of risk underlying the cross section of commodity returns},
  author={Bakshi, Gurdip and Gao, Xiaohui and Rossi, Alberto G},
  journal={Management Science},
  volume={65},
  number={2},
  pages={619--641},
  year={2019},
  publisher={INFORMS}
}

@article{chan1996momentum,
  title={Momentum strategies},
  author={Chan, Louis KC and Jegadeesh, Narasimhan and Lakonishok, Josef},
  journal={The Journal of Finance},
  volume={51},
  number={5},
  pages={1681--1713},
  year={1996},
  publisher={Wiley Online Library}
}

@article{brooks2017half,
  title={A half century of macro momentum},
  author={Brooks, Jordan},
  journal={White paper, AQR},
  year={2017},
  publisher={August}
}

@article{boons2019basis,
  title={Basis-momentum},
  author={Boons, Martijn and Prado, Melissa Porras},
  journal={The Journal of Finance},
  volume={74},
  number={1},
  pages={239--279},
  year={2019},
  publisher={Wiley Online Library}
}

@article{brooks2024economic,
  title={Economic trend},
  author={Brooks, Jordan and Feilbogen, Noah and Ooi, Yao Hua and Akant, Adam},
  journal={Available at SSRN 4710868},
  year={2024}
}